@online{1, 
    url = {https://www.pellerin-formation.com/detecter-faux-influenceurs-instagram/}
}
@online{2,
    url= {https://atelier.bnpparibas/smart-city/article/reseaux-sociaux-faux-profils-multiplient}
}
@online{3,
    url= {http://jactiv.ouest-france.fr/actualites/multimedia/faux-profils-lautre-calamite-reseau-facebook-84916}
}
@online{4,
    url= {https://www.ladn.eu/media-mutants/reseaux-sociaux/pornhub-un-nouvel-algorithme-chasse-les-faux-profils/}
}
@online{5,
    url= {https://fr.wikipedia.org/wiki/M%C3%A9dias_sociaux}
}
@online{6,
    url= {https://fr.wikipedia.org/wiki/R%C3%A9seau_social}
}
@online{7,
    url= {https://www.sos-arnaque-webcam.com/blog/detecter-faux-comptes-reseaux-sociaux.html}
}
@online{8,
    url= {https://www.regionsjob.com/conseils/identite-numerique-definition.html}
}
@online{9,
    url= {https://www.sos-arnaque-webcam.com/blog/detecter-faux-comptes-reseaux-sociaux.html}
}
@online{10,
    url= {https://pdfs.semanticscholar.org/e5e6/a7e9f8a05cbccb78c5d188de60404b865f9c.pdf}
}
@online{11,
    url= {https://www.ripublication.com/ijaer18/ijaerv13n6_133.pdf}
}
@online{12,
    url= {https://fr.wikipedia.org/wiki/Histoire_d%27Internet}
}
@online{13,
    url= {https://www.memoclic.com/1593-reseau-social/15754-premier-reseau-social.html}
}
@online{14,
    url= {https://www.numerama.com/tech/264995-quand-pornhub-sert-de-laboratoire-pour-reperer-les-faux-profils-en-ligne.html}
}
@online{15,
    url= {https://cyber.bgu.ac.il/new-algorithm-identifies-fake-users-on-social-networks/}
}
@online{16,
    url= {https://fr.wikipedia.org/wiki/Machine_%C3%A0_vecteurs_de_support}
}
@online{17,
    url= {https://fr.wikipedia.org/wiki/Machine_%C3%A0_vecteurs_de_support}
}
@online{18,
    url= {https://fr.wikipedia.org/wiki/Apprentissage_automatique}
}
@online{19,
    url= {https://blockchainfrance.net/2018/05/22/comprendre-la-tokenisation/}
}
@online{20,
    url= {https://fr.wikipedia.org/wiki/Lemmatisation}
}
@online{21,
    url= {https://fr.wikipedia.org/wiki/Racinisation}
}
@online{22,
    url= {https://fr.wikipedia.org/wiki/Flexion_(linguistique)}
}